# used for authored as well as edited books
@book{BOOK:1,
    AUTHOR    = "John Doe",
    TITLE     = "Title",
    YEAR      = "2017",
    ISBN      = "0-201-89685-0",
    YEAR      = "2017",
    PUBLISHER = "Dummy Publisher",
}

# used for journal articles
@article{ARTICLE:1,
    AUTHOR  = "John Doe",
    TITLE   = "Title",
    JOURNAL = "Journal",
    YEAR    = "2017",
}

# used for sections or chapters 
@inbook{BOOK:2,
    AUTHOR    = "John Doe",
    TITLE     = "The Book without Title",
    PAGES     = "100-200",
    ISBN      = "0-201-89685-0",
    YEAR      = "2100",
    PUBLISHER = "Dummy Publisher",
}

# unspecific type, used for websites
@misc{WEBSITE:1,
    HOWPUBLISHED = "\url{http://example.com}",
    AUTHOR       = "Intel",
    TITLE        = "Example Website",
    YEAR         = "1988",
    NOTE         = "Letzter Zugriff 04.12.1999"
}

### START SOURCES ###
